<?xml version="1.0" encoding="UTF-8"?><record xmlns="http://www.loc.gov/MARC21/slim" xmlns:cinclude="http://apache.org/cocoon/include/1.0" xmlns:zs="http://www.loc.gov/zing/srw/">
  <leader>00812cz  a2200241n  4500</leader>
  <controlfield tag="001">no2009124547</controlfield>
  <controlfield tag="003">DLC</controlfield>
  <controlfield tag="005">20101201094859.0</controlfield>
  <controlfield tag="008">090811n| acabbaaan          |a aaa     c</controlfield>
  <datafield tag="010" ind1=" " ind2=" ">
    <subfield code="a">no2009124547</subfield>
  </datafield>
  <datafield tag="035" ind1=" " ind2=" ">
    <subfield code="a">(OCoLC)oca08201970</subfield>
  </datafield>
  <datafield tag="040" ind1=" " ind2=" ">
    <subfield code="a">OC</subfield>
    <subfield code="b">eng</subfield>
    <subfield code="c">OC</subfield>
    <subfield code="d">IArlh</subfield>
  </datafield>
  <datafield tag="100" ind1="1" ind2=" ">
    <subfield code="a">Connolly, Sheila.</subfield>
    <subfield code="t">Orchard mystery</subfield>
  </datafield>
  <datafield tag="430" ind1=" " ind2="0">
    <subfield code="a">Orchard mystery</subfield>
  </datafield>
  <datafield tag="430" ind1=" " ind2="0">
    <subfield code="a">Orchard mystery series</subfield>
  </datafield>
  <datafield tag="430" ind1=" " ind2="0">
    <subfield code="a">Apple orchard mysteries</subfield>
  </datafield>
  <datafield tag="643" ind1=" " ind2=" ">
    <subfield code="a">Waterville</subfield>
    <subfield code="b">Wheeler Pub.</subfield>
    <subfield code="d">large print</subfield>
  </datafield>
  <datafield tag="643" ind1=" " ind2=" ">
    <subfield code="a">New York</subfield>
    <subfield code="b">Berkley Prime Crime</subfield>
    <subfield code="d">reg. print</subfield>
  </datafield>
  <datafield tag="644" ind1=" " ind2=" ">
    <subfield code="a">f</subfield>
    <subfield code="5">OC</subfield>
    <subfield code="5">OC large print</subfield>
  </datafield>
  <datafield tag="645" ind1=" " ind2=" ">
    <subfield code="a">t</subfield>
    <subfield code="5">DPCC</subfield>
    <subfield code="5">OC</subfield>
    <subfield code="5">OC large print</subfield>
  </datafield>
  <datafield tag="646" ind1=" " ind2=" ">
    <subfield code="a">s</subfield>
    <subfield code="5">OC</subfield>
    <subfield code="5">OC large print</subfield>
  </datafield>
  <datafield tag="670" ind1=" " ind2=" ">
    <subfield code="a">One bad apple, 2009:</subfield>
    <subfield code="b">cover (An orchard mystery)</subfield>
  </datafield>
  <datafield tag="670" ind1=" " ind2=" ">
    <subfield code="a">A killer crop, c2010:</subfield>
    <subfield code="b">p. i (Orchard mystery series) ser. t.p. (Apple orchard mysteries)</subfield>
  </datafield>
</record>